% Encoding: UTF-8

@InProceedings{lee2019towards,
  author       = {Lee, Taewoong and Nielsen, Jesper Kj{\ae}r and Christensen, Mads Gr{\ae}sb{\o}ll},
  title        = {Towards perceptually optimized sound zones: A proof-of-concept study},
  booktitle    = {ICASSP 2019-2019 IEEE International Conference on Acoustics, Speech and Signal Processing (ICASSP)},
  year         = {2019},
  pages        = {136--140},
  organization = {IEEE},
}

@Article{lee2020signal,
  author    = {Lee, Taewoong and Nielsen, Jesper Kj{\ae}r and Christensen, Mads Gr{\ae}sb{\o}ll},
  title     = {Signal-adaptive and perceptually optimized sound zones with variable span trade-off filters},
  journal   = {IEEE/ACM Transactions on Audio, Speech, and Language Processing},
  year      = {2020},
  volume    = {28},
  pages     = {2412--2426},
  publisher = {IEEE},
}

@Article{donley2015multizone,
  title     = {Multizone reproduction of speech soundfields: A perceptually weighted approach},
  author    = {Donley, Jacob and Ritz, Christian H},
  year      = {2015}
}

@Article{donley2018multizone,
  author    = {Donley, Jacob and Ritz, Christian and Kleijn, W Bastiaan},
  journal   = {IEEE/ACM Transactions on Audio, Speech, and Language Processing},
  title     = {Multizone soundfield reproduction with privacy-and quality-based speech masking filters},
  year      = {2018},
  number    = {6},
  pages     = {1041--1055},
  volume    = {26},
  publisher = {IEEE},
}

@Comment{jabref-meta: databaseType:bibtex;}
